
@article{aag,
    author = {Anshel, Iris and Anshel, Michael and Goldfeld, Dorian},
    year = {2001},
    month = {01},
    pages = {},
    title = {An Algebraic Method For Public-Key Cryptography},
    volume = {6},
    journal = {Mathematical Research Letters},
    doi = {10.4310/MRL.1999.v6.n3.a3}
}

@inproceedings{ko-lee,
    author = {Ko, Ki and Lee, Sang Jin and Cheon, Jung and Han, Jae and Kang, Ju-Sung and Park, Choonsik},
    year = {2000},
    month = {01},
    pages = {166-183},
    title = {New Public-Key Cryptosystem Using Braid Groups},
    isbn = {978-3-540-67907-3},
    journal = {Advances in Cryptology - CRYPTO 2000, LNCS 1880},
    doi = {10.1007/3-540-44598-6_10}
}

@article{lba,
    author = {Hughes, James and Tannenbaum, Allen},
    year = {2003},
    month = {07},
    pages = {},
    title = {Length-Based Attacks for Certain Group Based Encryption Rewriting Systems}
}

@article{heisenberg_aag,
    author = {Kahrobaei, Delaram and Lam, Ha},
    year = {2014},
    month = {03},
    pages = {},
    title = {Heisenberg Groups as Platform for the AAG Key-Exchange Protocol},
    journal = {Proceedings - International Conference on Network Protocols, ICNP},
    doi = {10.1109/ICNP.2014.105}
}

@article{heisenberg_ptime,
    url = {https://doi.org/10.1515/gcc-2016-0003},
    title = {A PTIME solution to the restricted conjugacy problem in generalized Heisenberg groups},
    author = {Kenneth R. Blaney and Andrey Nikolaev},
    pages = {69--74},
    volume = {8},
    number = {1},
    journal = {Groups Complexity Cryptology},
    year = {2016}
}

@article{heisenberg_len3,
    author = {Sébastien Blachère},
    journal = {Colloquium Mathematicae},
    keywords = {Heisenberg group; word distance; Cayley graph},
    language = {eng},
    number = {1},
    pages = {21-36},
    title = {Word distance on the discrete Heisenberg group},
    url = {http://eudml.org/doc/285003},
    volume = {95},
    year = {2003}
}

@article{braid_lba_theory,
    doi = {10.48550/ARXIV.MATH/0209267},
    url = {https://arxiv.org/abs/math/0209267},
    author = {Garber, D. and Kaplan, S. and Teicher, M. and Tsaban, B. and Vishne, U.},
    keywords = {Group Theory (math.GR), Cryptography and Security (cs.CR), Algebraic Geometry (math.AG), FOS: Mathematics, FOS: Mathematics, FOS: Computer and information sciences, FOS: Computer and information sciences},
    title = {Length-based conjugacy search in the Braid group},
    publisher = {arXiv},
    year = {2002},
    copyright = {arXiv.org perpetual, non-exclusive license}
}

@article{braid_lba_theory_practice,
    doi = {10.1016/j.aam.2005.03.002},
    url = {https://doi.org/10.1016\%2Fj.aam.2005.03.002},
    year = 2005,
    month = {sep},
    publisher = {Elsevier {BV}},
    volume = {35},
    number = {3},
    pages = {323-334},
    author = {David Garber and Shmuel Kaplan and Mina Teicher and Boaz Tsaban and Uzi Vishne},
    title = {Probabilistic solutions of equations in the braid group},
    journal = {Advances in Applied Mathematics}
}

@inproceedings{braid_lba,
    title={Length Based Attack and Braid Groups: Cryptanalysis of Anshel-Anshel-Goldfeld Key Exchange Protocol},
    author={Alex D. Myasnikov and Alexander Ushakov},
    booktitle={International Conference on Theory and Practice of Public Key Cryptography},
    year={2007}
}

@article{thompson_lba,
    author = {Ruinskiy, Dima and Shamir, Adi and Tsaban, Boaz},
    year = {2006},
    month = {07},
    pages = {},
    title = {Length-based cryptanalysis: The case of Thompson's Group},
    volume = {1},
    journal = {Journal of Mathematical Cryptology},
    doi = {10.1515/jmc.2007.018}
}

@article{polycyclic_lba,
    title={Length-based attacks in polycyclic groups},
    author={David Garber and Delaram Kahrobaei and Ha T. Lam},
    journal={Journal of Mathematical Cryptology},
    year={2013},
    volume={9},
    pages={33 - 43}
}

@article{permutation_attack,
    author    = {Andrej Brodnik and
               Aleksander Malnic and
               Rok Pozar},
    title     = {Fast permutation-word multiplication and the simultaneous conjugacy
               problem},
    journal   = {CoRR},
    volume    = {abs/1907.07889},
    year      = {2019},
    url       = {http://arxiv.org/abs/1907.07889},
    eprinttype = {arXiv},
    eprint    = {1907.07889},
    timestamp = {Tue, 23 Jul 2019 10:54:22 +0200},
    biburl    = {https://dblp.org/rec/journals/corr/abs-1907-07889.bib},
    bibsource = {dblp computer science bibliography, https://dblp.org}
}

@misc{group_crypto_security,
    author = {Vladimir Shpilrain},
    title = {Assessing security of some group based cryptosystems},
    howpublished = {Cryptology ePrint Archive, Paper 2003/123},
    year = {2003},
    note = {\url{https://eprint.iacr.org/2003/123}},
    url = {https://eprint.iacr.org/2003/123}
}

@article{nonabelian_survey,
    author = {Fine, Benjamin and Habeeb, Maggie and Kahrobaei, Delaram and Rosenberger, Gerhard},
    year = {2011},
    month = {03},
    pages = {},
    title = {Aspects of Nonabelian Group Based Cryptography: A Survey and Open Problems},
    volume = {21},
    journal = {Computing Research Repository - CORR}
}

@misc{polycyclic_survey,
    doi = {10.48550/ARXIV.1607.05819},
    url = {https://arxiv.org/abs/1607.05819},
    author = {Gryak, Jonathan and Kahrobaei, Delaram},
    title = {The Status of Polycyclic Group-Based Cryptography: A Survey and Open Problems},
    publisher = {arXiv},
    year = {2016},
    copyright = {arXiv.org perpetual, non-exclusive license}
}

@article{csp_insufficient,
    author = {Shpilrain, Vladimir and Ushakov, Alexander},
    year = {2004},
    month = {12},
    pages = {},
    title = {The Conjugacy Search Problem in Public Key Cryptography: Unnecessary and Insufficient},
    volume = {17},
    journal = {Applicable Algebra in Engineering, Communication and Computing},
    doi = {10.1007/s00200-006-0009-6}
}

@article{pq_resistant_maybe,
    title={On Noncommutative Cryptography and homomorphism of stable cubical multivariate transformation groups of infinite dimensional affine spaces},
    author={Vasyl Ustimenko and Michal Klisowski},
    journal={IACR Cryptol. ePrint Arch.},
    year={2019},
    volume={2019},
    pages={593}
}

@article{csp_app_1,
    author = {Kahrobaei, Delaram and Anshel, Michael},
    year = {2009},
    month = {10},
    pages = {217-225},
    title = {Decision and Search in Non-Abelian Cramer-Shoup Public Key Cryptosystem},
    volume = {1},
    journal = {Groups, Complexity, Cryptology},
    doi = {10.1515/GCC.2009.217}
}

@inproceedings{csp_app_2,
    author = {Kahrobaei, Delaram and Khan, Bilal},
    year = {2006},
    month = {01},
    pages = {},
    title = {A Non-Commutative Generalization of ElGamal Key Exchange using Polycyclic Groups.}
}

@article{csp_app_3,
    author = {Kahrobaei, Delaram and Koupparis, Charalambos},
    year = {2012},
    month = {10},
    pages = {},
    title = {Non-commutative Digital Signatures},
    volume = {4},
    journal = {Groups, Complexity, Cryptology},
    doi = {10.1515/gcc-2012-0019}
}

@manual{sagemath,
    Key = {SageMath},
    Author = {{The Sage Developers}},
    Title = {{S}ageMath, the {S}age {M}athematics {S}oftware {S}ystem ({V}ersion 9.7)},
    note = {{\tt https://www.sagemath.org}},
    Year = {2022}
}

@INPROCEEDINGS{shor_algo,
    author = {Shor, P.W.},
    booktitle = {Proceedings 35th Annual Symposium on Foundations of Computer Science}, 
    title = {Algorithms for quantum computation: discrete logarithms and factoring}, 
    year = {1994},
    volume = {},
    number = {},
    pages = {124-134},
    doi = {10.1109/SFCS.1994.365700}
}
